<record><leader>00000cas a22000007a 4500</leader><controlfield tag="001">28103677</controlfield><controlfield tag="008">930513d18811884scuwr ne      0    0eng d</controlfield><datafield ind1=" " ind2=" " tag="010"><subfield code="a">sn 93067741 </subfield></datafield><datafield ind1=" " ind2=" " tag="040"><subfield code="a">SVN</subfield><subfield code="b">eng</subfield><subfield code="c">SVN</subfield><subfield code="d">OCLCQ</subfield><subfield code="d">SUC</subfield><subfield code="d">OCLCF</subfield></datafield><datafield ind1="1" ind2=" " tag="029"><subfield code="a">AU@</subfield><subfield code="b">000025889949</subfield></datafield><datafield ind1=" " ind2=" " tag="042"><subfield code="a">msc</subfield></datafield><datafield ind1=" " ind2=" " tag="043"><subfield code="a">n-us-sc</subfield></datafield><datafield ind1="0" ind2="4" tag="245"><subfield code="a">The saluda argus.</subfield></datafield><datafield ind1=" " ind2=" " tag="260"><subfield code="a">Greenwood, S.C. :</subfield><subfield code="b">Hogan and Talbert</subfield></datafield><datafield ind1=" " ind2=" " tag="300"><subfield code="a">v.</subfield></datafield><datafield ind1=" " ind2=" " tag="310"><subfield code="a">Weekly</subfield></datafield><datafield ind1="1" ind2=" " tag="362"><subfield code="a">Began in 1881; ceased in 1884.</subfield><subfield code="z">Cf. Abbeville messenger, Oct. 1, 1884.</subfield></datafield><datafield ind1=" " ind2=" " tag="588"><subfield code="a">Description based on: Vol. 3, no. 48, whole no. 152 (Apr. 17, 1884).</subfield></datafield><datafield ind1=" " ind2=" " tag="588"><subfield code="a">Latest issue consulted: Vol. 4, no. 12, whole no. 168 (Aug. 7, 1884).</subfield></datafield><datafield ind1=" " ind2="0" tag="651"><subfield code="a">Greenwood County (S.C.)</subfield><subfield code="v">Newspapers.</subfield></datafield><datafield ind1=" " ind2="7" tag="655"><subfield code="a">Newspapers.</subfield><subfield code="2">fast</subfield><subfield code="0">(OCoLC)fst01423814</subfield></datafield><datafield ind1=" " ind2="7" tag="651"><subfield code="a">South Carolina</subfield><subfield code="z">Greenwood County.</subfield><subfield code="2">fast</subfield><subfield code="0">(OCoLC)fst01209617</subfield></datafield><datafield ind1=" " ind2=" " tag="752"><subfield code="a">United States</subfield><subfield code="b">South Carolina</subfield><subfield code="c">Greenwood</subfield><subfield code="d">Greenwood.</subfield></datafield><datafield ind1="0" ind2="0" tag="785"><subfield code="t">Abbeville messenger</subfield><subfield code="w">(DLC)sn 93067668</subfield><subfield code="w">(OCoLC)27841291</subfield></datafield></record>